// EXEMPLOS DE CITAÇÕES

// Livro
@book{wong2022introduction,
  title={Introduction to classical and quantum computing},
  author={Wong, Thomas G},
  year={2022},
  publisher={Rooted Grove Omaha, Nebraska}
}
// Artigo
@article{renou2021quantum,
  title={Quantum theory based on real numbers can be experimentally falsified},
  author={Renou, Marc-Olivier and Trillo, David and Weilenmann, Mirjam and Le, Thinh P and Tavakoli, Armin and Gisin, Nicolas and Ac{\'\i}n, Antonio and Navascu{\'e}s, Miguel},
  journal={Nature},
  volume={600},
  number={7890},
  pages={625--629},
  year={2021},
  publisher={Nature Publishing Group UK London}
}
